<?xml version="1.0" encoding="UTF-8"?><record xmlns="http://www.loc.gov/MARC21/slim" xmlns:cinclude="http://apache.org/cocoon/include/1.0" xmlns:zs="http://www.loc.gov/zing/srw/">
  <leader>00361nz  a2200121n  4500</leader>
  <controlfield tag="001">nr2005029071</controlfield>
  <controlfield tag="003">DLC</controlfield>
  <controlfield tag="005">20051206033108.0</controlfield>
  <controlfield tag="008">051205n| acannaabn          |n aaa     c</controlfield>
  <datafield tag="010" ind1=" " ind2=" ">
    <subfield code="a">nr2005029071</subfield>
  </datafield>
  <datafield tag="040" ind1=" " ind2=" ">
    <subfield code="a">CtY-Mus</subfield>
    <subfield code="b">eng</subfield>
    <subfield code="c">CtY-Mus</subfield>
  </datafield>
  <datafield tag="100" ind1="1" ind2=" ">
    <subfield code="a">Hand, Frederic,</subfield>
    <subfield code="d">1947-</subfield>
    <subfield code="t">Late one night</subfield>
  </datafield>
  <datafield tag="670" ind1=" " ind2=" ">
    <subfield code="a">Hand, F. Late one night, c1985:</subfield>
    <subfield code="b">cover (Late one night : for solo guitar)</subfield>
  </datafield>
</record>